@article{Ladner:1980:PPC:322217.322232,
 author = {Ladner, Richard E. and Fischer, Michael J.},
 title = {Parallel Prefix Computation},
 journal = {J. ACM},
 issue_date = {Oct. 1980},
 volume = {27},
 number = {4},
 month = oct,
 year = {1980},
 issn = {0004-5411},
 pages = {831--838},
 numpages = {8},
 url = {http://doi.acm.org/10.1145/322217.322232},
 doi = {10.1145/322217.322232},
 acmid = {322232},
 publisher = {ACM},
 address = {New York, NY, USA},
}