@article{albalawi2013task,
  title={Task Level Parallelization of Irregular Computations using OpenMP 3.0},
  author={Albalawi, Eid},
  year={2013},
  publisher={atlantis press}
}

@article{
  title={Parallelizing the Floyd-Warshall Algorithm on Modern Multicore Platforms: Lessons Learned},
  author={Students of the Parallel Processing Systems course},
  year={2012}
  publisher={School of Electrical & Computer Engineering, National Technical University of Athens, in 5th Conference for students in Electrical and Computer Engineering (SFHMMY'12)},
  location={Thrace, Greece}
}
